<?xml version="1.0" encoding="UTF-8"?><collection xmlns="http://www.loc.gov/MARC21/slim"><record><leader>00545nam--2200193-u-4500</leader><controlfield tag="001">000051053</controlfield><controlfield tag="002">20161230</controlfield><controlfield tag="005">20161230201049</controlfield><controlfield tag="008">080514s1000------------r-----000-0-eng-d</controlfield><datafield ind1=" " ind2=" " tag="040"><subfield code="a">IFIN-HH</subfield></datafield><datafield ind1=" " ind2=" " tag="080"><subfield code="a">512.5</subfield></datafield><datafield ind1="1" ind2=" " tag="100"><subfield code="a">Iordanescu, Radu</subfield></datafield><datafield ind1="1" ind2=" " tag="245"><subfield code="a">Jordan Algebras with applications</subfield></datafield><datafield ind1=" " ind2=" " tag="260"><subfield code="a">Bucuresti</subfield><subfield code="b">Institutul National pentru Creatie Stiintifica si Tehnica</subfield><subfield code="c">1979</subfield></datafield><datafield ind1=" " ind2=" " tag="300"><subfield code="a">170 p</subfield></datafield><datafield ind1=" " ind2=" " tag="490"><subfield code="a">Preprint Series in Mathematics</subfield><subfield code="v">79/1979</subfield></datafield><datafield ind1="1" ind2=" " tag="700"><subfield code="a">Iordanescu, Radu</subfield></datafield><datafield ind1=" " ind2=" " tag="852"><subfield code="a">48366</subfield><subfield code="c">512</subfield></datafield><datafield ind1=" " ind2=" " tag="CAT"><subfield code="a">Sys</subfield><subfield code="c">20080514</subfield><subfield code="h">142135</subfield></datafield></record></collection>